3132 5430
766 529 929 596 ..3-

378 727 415 788 et
440 712 603 788 antistitis
632 712 816 788 Sacrorum
838 714 975 789 muneri
1002 715 1213 815 praefectus,
1244 741 1325 816 con·

367 840 578 940 ‘temptanda
601 841 851 942 inceperimus.
1041 929 1044 938 ‚

427 962 616 1039 Videlicet
629 966 724 1067 quod
748 966 911 1038 arborum
936 980 973 1039 et
990 966 1326 1072 piantammqnatura

376 1091 463 1186 fert,
488 1104 528 1159 ut
551 1090 625 1166 sine
648 1086 778 1158 cultore
802 1085 846 1156 ad
869 1086 995 1161 laetam
1008 1089 1228 1164 restitissem
1247 1095 1329 1167 ado·

373 1201 507 1286 ¹lescerc
533 1222 710 1310 nequeant
724 1265 743 1318 ,Ι
768 1209 807 1284 in
845 1235 971 1308 genere
1000 1236 1137 1310 quoquc
1173 1218 1327 1308 cernitur

375 1337 541 1418 humano.
589 1338 728 1430 Quanto
749 1325 971 1414 ¹fecundiores
993 1337 1107 1436 animi·
1123 1353 1228 1430 sunt,
1252 1355 1329 1416 tau,

315 1437 318 1444 λ
378 1476 416 1535 to
448 1455 593 1538 celerius
623 1462 816 1568 efferuntur
842 1474 878 1534 et
905 1460 1157 1566 depravantur,
1182 1465 1250 1538 nisi
1274 1461 1348 1541 in.

378 1585 424 1660 de
452 1614 471 1660 a
497 1586 648 1688 pueritia
686 1601 856 1685 perpetuo
889 1584 1022 1676 adsint,
1045 1588 1104 1688 qui
1136 1587 1238 1664 bonis
1270 1617 1329 1668 eos

377 1712 548 1786 doctrinis
582 1709 674 1784 alant
706 1717 743 1782 et'
774 1711 993 1808 ingeniorum
1026 1726 1190 1813 tanquam
1219 1741 1329 1804 ramo-

376 1864 458 1912 rum
490 1834 660 1910 luxuriam
691 1851 864 1935 premant.
903 1837 981 1944 ,Qui
1013 1863 1088 1910 rara
1119 1837 1191 1913 bac
1222 1840 1330 1916 felici·

376 1977 448 2036 tare
475 1961 610 2060 gloriari
638 1975 804 2059 possunt,
829 1973 897 2047 ut,
930 1986 991 2033 sua
1015 1977 1138 2060 sponte
1170 1989 1329 2058 crescen-

242 2089 247 2096 ’
376 2101 450 2178 tes,
479 2085 523 2160 ad
548 2088 720 2186 insignem
758 2086 921 2160 scientiae
962 2087 1099 2186 copiam
1113 2099 1165 2162 ·et
1195 2087 1330 2164 uberta·
1461 2165 1463 2172 ,
1547 2128 1552 2141 -

377 2228 450 2288 tem
478 2213 724 2314 pervenerint3
751 2212 933 2287 mirificam
957 2224 1072 2286 tamen
1097 2237 1237 2307 rernm,
1258 2229 1330 2290 tam

294 2339 298 2346 ’
376 2339 571 2416 faciliorum
605 2361 709 2436 qnam
736 2335 996 2426 difficilimum,
1023 2339 1236 2436 quin-etiam
1260 2365 1332 2414 ma·

377 2464 474 2540 xime
493 2462 701 2560 vulgarium,
719 2439 928 2562 imperitiam
947 2461 1040 2534 haud
1059 2485 1136 2536 raro
1155 2461 1332 2563 produnt,

333 2653 339 2672 ,
378 2611 488 2664 exeo
521 2585 743 2686 profectam‚'
761 2584 856 2686 quud
876 2601 1098 2700 praeceptpre
1127 2603 1331 2682 caruerunt,

378 2687 503 2814 aquo
538 2711 719 2826 principiis
760 2725 796 2784 et
836 2712 1041 2790 rudimentis
1082 2715 1331 2794 imbuerentur.

379 2839 477 2925 Nec,
510 2837 540 2905 si
573 2837 649 2931 quis
682 2835 815 2922 humo,
850 2837 896 2906 ad
932 2864 1037 2934 quam
1067 2840 1226 2911 homiues
1256 2841 1332 2914 vul·

382 2984 425 3060 go
452 2975 629 3056 tamquam
660 2955 791 3027 catenis
817 2955 942 3053 alligati
972 2973 1078 3053 sunt,
1111 2986 1151 3058 sc,
1173 2963 1331 3038 attollere

381 3087 502 3187 cupit,
527 3092 767 3182 praeceptores
799 3079 927 3154 babere
955 3086 1037 3168 satis
1067 3097 1142 3174 *est;
1177 3087 1238 3161 sed
1263 3087 1332 3166 ira·

382 3213 464 3288 beat
482 3199 619 3308 oportet
637 3203 758 3305 Virqs,
782 3213 899 3312 quiet
923 3210 1009 3312 ipsi,
1034 3211 1128 3312 quod
1148 3213 1332 3312 profitean·
1461 3271 1464 3282 .

383 3352 462 3428 tur,
488 3333 629 3442 penitus
663 3330 864 3454 imbiberint
889 3347 992 3434 atque
1024 3338 1061 3407 in
1088 3365 1228 3413 succum
1253 3367 1333 3415 san·

383 3465 588 3561 guinemque
609 3460 863 3550 converterint;
887 3473 923 3533 et
942 3461 1136 3542 facultatem
1152 3468 1333 3562 nactisint

384 3589 531 3684 cogitata
553 3614 614 3662 sua
635 3566 819 3686 perspicuo
841 3597 1046 3684 promtoque
1066 3611 1230 3667 ¹sermone
1251 3615 1331 3662 cum
1368 3562 1369 3572 ἵ

382 3716 456 3789 aliis
481 3685 773 3788 communicandi.
820 3709 898 3786 Jam
934 3710 985 3782 uti
1017 3736 1278 3803 voonsrrus,
1312 3739 1332 3786 a

381 3839 496 3942 prima
532 3845 670 3923 aetate,
708 3834 753 3918 ad
788 3835 882 3910 initia
919 3834 1076 3909 discendi
1112 3836 1266 3908 facienda
1294 3841 1334 3910 in

383 3961 515 4060 scholas
537 3960 662 4034 missus
689 3972 766 4049 est;
805 3960 850 4032 ita
866 4015 881 4049 ‚.
907 3960 1069 4064 singulari
1095 3963 1335 4055 Providentiae
1403 4037 1409 4052 ,

1284 4088 1421 4165 di«.
