3132 5430
643 549 823 614 ,-·ss-
916 507 920 514 ’

252 784 255 798 ,
329 715 458 828 quoque
488 733 605 822 agendi
631 734 756 810 ratione
776 739 930 818 apparet,
954 751 1027 797 eum
1053 735 1131 802 nulli
1158 757 1216 822 pe·
1279 737 1280 740 ’
1345 777 1348 784 ,

232 879 233 884 ¹
325 857 462 940 paroisse
495 849 598 919 labori
611 853 626 928 ‚‘
652 845 830 910 dummodo
854 854 1001 932 speraret
1015 845 1037 921 ,’
1056 867 1089 914 se
1122 850 1216 914 robus

330 947 522 1032 Christianis
534 963 747 1050 profuturum.
791 959 898 1040 Quare
918 961 1117 1044 provectiore
1141 961 1215 1046 jam

253 1131 258 1140 .
326 1088 432 1144 aetate
440 1078 604 1162 negotium
617 1075 755 1160 suscepit
772 1075 936 1140 orationes
955 1095 1086 1170 roarnrs
1105 1074 1215 1194 Ciu-y·¹
1252 1112 1259 1126 ·

249 1240 256 1250 .
323 1193 469 1254 scotoma
494 1191 529 1254 in
552 1188 671 1254 schola
697 1187 882 1263 tractandi,
916 1199 950 1252 et
985 1163 1047 1254 hoe
1076 1183 1215 1258 maxime

322 1304 480 1377 cenatio,
503 1311 539 1362 ut
563 1303 709 1380 exempto
729 1302 786 1360 illo
805 1309 929 1360 rectam
956 1301 1134 1375 Literarum
1152 1299 1213 1366 Sa

322 1433 453 1480 orarum
473 1409 769 1495 interpretationem
784 1409 986 1474 auditoribus
1001 1391 1211 1493 monstraret.

252 1581 255 1588 .
323 1537 359 1592 ut
383 1524 508 1590 monuit
528 1524 576 1588 iu
573 1521 740 1588 Selectt's.
771 1522 860 1589 Toni.
878 1522 905 1594 Ι.
925 1545 970 1609 ..ρ
991 1545 1064 1590 xxv.

211 1643 337 1762 Peg.
350 1641 404 1706 59.
434 1638 571 1726 explere
589 1644 790 1704 conaretur.
827 1637 1026 1702 Mirandum
1023 1639 1126 1728 igitur
1146 1663 1214 1708 non

256 1809 259 1816 ,
320 1751 405 1829 esse,
437 1754 519 1820 inter
545 1760 701 1818 nostrates
728 1751 848 1816 multos
872 1751 983 1828 fuisse,
1017 1753 1087 1840 qui
1098 1753 1213 1828 fircera}
1291 1731 1295 1740 ⁵

255 1914 258 1921 f
319 1887 471 1942 vooasrrr
489 1864 640 1932 laudibus
652 1849 930 1954 prosequerentur.
966 1867 1063 1948 Quod
1078 1847 1216 1956 egerunt
1332 1938 1337 1946 ,

320 1981 517 2066 Anonymi'
507 2005 542 2048 rn
558 1979 761 2070 Algemeene
782 1980 913 2051 konst-
928 2004 970 2050 en
991 1983 1211 2063 letterbodo.

321 2091 515 2166 anni1833.
547 2095 641 2162 Ρ.ΙΙ.
666 2117 699 2182 p.
711 2088 781 2170 82,
810 2093 883 2162 83.
896 2105 929 2162 et
951 2095 1131 2170 Boeknaal
1148 2097 1213 2162 der
1324 2174 1327 2180 .

315 2209 476 2297 geleetale
498 2209 649 2284 wereld.
672 2199 818 2294 ejusdem
836 2210 929 2273 anni.
954 2195 992 2274 P
1012 2209 1057 2275 11.
1078 2232 1111 2297 p.
1131 2179 1209 2275 224.

317 2324 365 2389 De
392 2324 464 2389 tuoe
492 2323 667 2400 societati,
701 2332 737 2386 ut
764 2331 907 2416 vocant.
930 2321 1076 2389 Biblicae
1104 2323 1147 2389 ab
1169 2345 1209 2390 eo

317 2427 439 2515 allata,
473 2436 553 2503 dixit
582 2436 761 2523 discipulus
782 2437 812 2500 ei
842 2436 920 2502 olim
946 2431 1209 2525 acceptissimus,

317 2567 571 2625 minuamur,
594 2545 722 2612 antiues
742 2549 916 2618 Sacrorum
939 2552 1207 2638 Lugdunensis,

319 2661 518 2750 ingenerati
553 2667 714 2725 conventu
742 2665 932 2739 Sociorum,
958 2665 1133 2752 'Lugduni'
1146 2663 1207 2730 ha·
1246 2680 1250 2696 ·

200 2846 204 2853 ,
313 2776 385 2846 bito
407 2775 440 2840 d.
464 2775 507 2841 17
524 2770 599 2838 Oct.
628 2771 724 2850 1833.
765 2776 922 2854 Pietatem
951 2776 1020 2862 ejus
1051 2786 1083 2848 ct
1106 2778 1207 2844 virtu·

314 2901 381 2957 tem
399 2911 473 2956 eum
491 2887 630 2986 maxime
648 2889 882 2975 praedicarunt
893 2913 926 2956 a.
946 2912 980 2956 a.
997 2912 1060 2962 rau
1079 2909 1208 2958 norrun
1291 2891 1294 2898 ’

273 3057 276 3066 .
301 3001 347 3074 'et
366 3027 394 3072 r.
417 3025 526 3082 raras,
548 3000 819 3072 Amstelaedami
833 3006 934 3072 Sacra
951 3004 1107 3072 obeuntes
1119 3009 1138 3081 ,“
1152 3008 1206 3072 iti·

312 3119 453 3202 demque
491 3135 650 3183 voonsrro
687 3119 911 3204 praeceptori,
943 3118 1021 3182 dum
1056 3118 1203 3195 vivebat.

242 3297 246 3304 ,
312 3227 409 3294 verae
436 3211 584 3314 anceps.
615 3229 649 3292 in
672 3227 795 3298 uam
828 3228 1028 3317 creuerat
1056 3215 1205 3297 naam.
1290 3283 1294 3288 .

313 3339 442 3426 sctn‘fl
457 3361 541 3406 uoor
556 3339 623 3404 den
643 3339 874 3427 beschoafden
892 3345 1007 3408 stand.
1030 3343 1121 3411 Tom.
1131 3345 1205 3414 VH.

312 3480 346 3544 p.
364 3455 429 3530 697
448 3476 521 3542 sqq·
556 3452 661 3536 Quam
678 3458 804 3542 egregie
824 3467 931 3522 autern
953 3469 1125 3524 voonsrrus
1143 3460 1205 3526 do'·

311 3573 414 3638 ctrina
437 3588 570 3656 quoque
588 3589 643 3632 sua
666 3579 698 3633 et
718 3570 825 3634 studio
847 3593 922 3659 erga
944 3571 1152 3659 Theologiam
1173 3587 1204 3642 et

312 3685 535 3770 Religionem,
559 3682 696 3759 Literna,
720 3685 930 3750 Academiam
961 3685 1097 3772 ejusque
1120 3690 1204 3758 cives

310 3798 440 3864 meritus
473 3798 533 3875 sit,
568 3810 857 3888 commemorarunt
889 3800 930 3866 V.
952 3800 991 3866 V.
1022 3799 1056 3864 C.
1081 3801 1116 3866 C.
1138 3825 1202 3867 sra-

311 3934 460 3978 ornam
482 3922 514 3977 et
535 3933 778 3979 arrowrraurs.
803 3914 908 3976 alter
898 3925 932 3976 ut
958 3915 1201 4000 Haadela'ngea

306 4029 370 4094 der
394 4024 499 4094 Jeart
497 4025 626 4114 ᾔΙεοΙιο
658 4027 891 4116 Vergodermg
920 4051 988 4092 aaa
1021 4032 1061 4095 cle
1087 4029 1203 4092 Moat-

792 4139 849 4204 6.’1
1078 4143 1202 4230 schop-
