3132 5430
647 586 830 658 ...9-

266 777 548 865 divinae-lavore,
563 777 652 850 tales
665 779 696 846 ai
709 774 899 876 juventutis
915 779 993 846 s'uae
1006 772 1110 846 duces
1124 773 1212 848 obti·
1252 751 1255 756 Ι
1373 799 1376 804 ·
1426 783 1428 788 ’

175 979 178 984 ,
267 919 404 1012 gerunt,
413 918 454 976 ut
463 902 586 975 ibina
597 899 756 972 meliores
767 898 907 998 quidem
915 909 1214 998 exoptaraposset.

268 1029 458 1126 Gymnasiis
478 1024 677 1120 delrensi
695 1033 1219 1122 praeerat'uoocnvcnnrus,

240 1245 242 1248 Ι
268 1153 414 1249 scriptor
427 1149 495 1220 ille
514 1146 593 1242 libri
607 1149 655 1220 'dc
674 1149 833 1220 doctrina
851 1147 1136 1234 Perticarum,
1154 1173 1222 1248 pro

266 1275 328 1348 'aui'
348 1273 671 1372 temporis'ratione
688 1271 862 1372 praeclari
883 1284 919 1344 et
942 1272 1085 1374 omnino
1099 1274 1217 1364 unici,

201 1425 204 1434 ’
265 1423 380 1501 neque
409 1401 447 1472 in'
478 1399 545 1472 hac
574 1400 695 1497 majori
716 1399 813 1488 lucc,
838 1422 942 1496 quam
956 1415 1059 1472 nunt
1084 1422 1219 1474 cono-

268 1535 388 1603 rarnr'
400 1537 634 1598 *uera-nanus
665 1523 878 1621 aliorumque
895 1520 1097 1619 diligentiae
1111 1524 1218 1600 dehe-

267 1676 365 1742 mus,
389 1649 651 1728 contemnendi.
702 1647 759 1730 Ad
779 1650 908 1723 variam
931 1661 1045 1722 autem
1060 1663 1100 1720 et
1116 1676 1220 1750 egro-

270 1780 361 1876 giam
382 1778 484 1850 huius
509 1776 576 1868 riri
599 1767 828 1850 eruditionem
853 1773 1038 1850 accedebat
1058 1775 1127 1849 oris
1147 1767 1221 1874 gra-

269 1903 317 1975 tia
351 1916 386 1974 et
416 1909 608 1990 venustas,
642 1927 708 2001 qua
735 1905 901 1998 juvenum
933 1902 1068 1974 animos
1095 1877 1147 1974 ad
1181 1927 1218 1976 ae

270 2039 433 2130 suamque
452 2008 716 2102 familiaritatem
736 2025 888 2100 alliceret
909 2037 945 2098 et
965 2026 1159 2100 studiorum
1178 2027 1220 2103 iis

268 2157 425 2256 injiceret
457 2151 629 2226 ardorem.
679 2155 743 2225 Hic
781 2153 885 2252 igitur
916 2177 1158 2242 voonsrros
1179 2166 1219 2226 ut

267 2278 445 2378 ingenium
477 2278 514 2352 iu
544 2302 586 2352 eo
616 2277 905 2352 animadverterat
936 2274 981 2348 ad
1001 2281 1134 2377 majora
1162 2304 1220 2380 pa·

268 2391 517 2478 tenda'natam
531 2429 641 2496 ‚non
661 2402 783 2502 'solum
810 2405 957 2476 eandam
981 2428 1021 2476 ac
1043 2403 1218 2504 discipulo

269 2533 393 2630 cuique
407 2529 554 2628 ‘vulgari
584 2507 837 2606 institutionem
871 2527 1053 2622 adhibuit;
1078 2529 1139 2604 sed
1162 2537 1219 2631 ju-

268 2679 417 2746 venem,
442 2681 512 2753 quo
534 2680 615 2753 prae
647 2634 844 2757 aequalibus
865 2656 947 2728 ‘auis
983 2655 1036 2728 ad·
1064 2657 1220 2732 humaui·
1350 2697 1355 2708 ·

268 2791 376 2850 tatem
411 2777 650 2866 excoleretur,
687 2779 850 2874 singulari
883 2804 965 2864 cura
1004 2794 1040 2851 et
1079 2783 1218 2856 cautam

236 3001 238 3006 ,
270 2902 560 3003 complexus‘eat
579 2904 694 3002 Atque
714 2900 801 2974 nihil
817 2902 968 3000 penitius
987 2903 1127 2978 auribus
1144 2913 1217 3008 ejus

267 3043 305 3100 et
340 3029 452 3103 menti
491 3027 664 3101 inculcare
698 3039 842 3099 conatus
877 3039 952 3117 est,
988 3055 1094 3126 quam
1127 3035 1219 3132 quod
1298 3081 1300 3090 ι

270 3153 425 3255 quotidie
450 3155 488 3226 in
511 3153 698 3253 proverbio
722 3152 894 3243 habebat,
919 3151 1037 3230 labore
1060 3157 1219 3259 improbo

218 3361 224 3370 ἱ
246 3347 249 3358 ,
272 3280 362 3351 vinci
383 3278 511 3356 omnia.
547 3279 612 3352 Ille
632 3292 767 3368 autem,
785 3279 916 3374 ingenii
934 3279 1064 3355 viribus
1079 3298 1218 3360 strenue
1281 3332 1286 3348 ·

270 3414 306 3474 et
326 3380 461 3489 assidue
479 3374 725 3493 eieroitandis,
749 3417 824 3493 tum
847 3426 931 3476 vero
953 3408 1086 3503 magnis
1107 3409 1144 3479 in
1164 3435 1221 3483 ra·

270 3528 322 3600 rio
340 3527 516 3600 literarum
535 3555 575 3602 ac
593 3528 826 3602 doctrinarum
844 3535 967 3630 genere
985 3536 1219 3630 progressibus
1344 3623 1347 3630 ⁴

201 3667 203 3672 '
269 3651 457 3743 faciendis,
475 3654 534 3726 tali
556 3667 721 3751 tantoque
750 3670 973 3756 praeceptore
1006 3679 1043 3728 se
1076 3658 1220 3758 dignum

268 3778 467 3877 praestitit*
499 3779 553 3850 Ex
577 3781 753 3878 Gymnasii
775 3771 995 3855 cancellis'in
1018 3781 1223 3860 Academiae

268 3906 418 4002 spatium
463 3929 643 4002 egressus,
682 3904 904 3993 adolescens⁸
927 3921 1049 4006 pectus
1093 3907 1216 4000 affert,

170 4021 179 4033 ⁸
268 4028 407 4104 tam-ad
430 4032 540 4126 gravia
573 4032 711 4131 quaevis
738 4046 773 4104 et
800 4033 941 4108 molesta
967 4035 1219 4110 in.studiorum
1248 4101 1254 4146 ζ

1146 4185 1225 4236 cur·
