3132 5430
581 543 587 552 ’
735 597 925 696 ..125-

492 733 494 740 ·
823 736 826 750 ·
1535 695 1536 766 i

340 792 446 865 animi
476 792 682 869 sententiam
703 790 858 868 ‘candide
892 808 926 866 et
961 793 1148 872 liberaliter
1172 795 1293 898 expro{
1532 767 1536 984 Α

339 933 459 992 meret.
529 991 533 1001 ,

387 1049 435 1118 At
460 1034 641 1143 vero-quis
665 1069 894 1118 roons‘rro
908 1044 981 1116 has
1014 1041 1211 1118 studiorum
1228 1042 1292 1120 du*
1530 993 1536 1175 ἱ

166 1187 168 1195 “
249 1244 252 1253 .
338 1195 397 1244 ces
417 1169 475 1241 ad
507 1170 675 1264 insignem
705 1168 884 1240 doctrinae
922 1163 1189 1264 amplitudinem
1224 1170 1292 1243 sibi

338 1291 608 1392 comparandam
632 1291 828 1394 proflrturos
853 1289 959 1362 fuisse
987 1287 1198 1385 crediderit,
1221 1295 1291 1368 nisi

339 1417 416 1518 ipse
431 1465 456 1506 ,·
479 1443 537 1490 eos
551 1459 555 1472 ·
569 1417 721 1516 vestigiis
746 1415 938 1514 diligenter
969 1439 1214 1516 persequens,
1252 1444 1291 1492 oe

336 1543 459 1640 studiis
478 1557 592 1618 totum
612 1543 787 1616 dedisset?
822 1540 1006 1634 Quomodo
1026 1555 1141 1628 autem
1163 1545 1227 1616 hac
1251 1547 1291 1618 in
1533 1535 1536 1662 1

336 1697 376 1744 re
397 1684 549 1744 versatus
575 1669 639 1752 sit,
655 1663 815 1763 utscire
839 1693 979 1769 necesse
1003 1681 1074 1755 est,
1098 1670 1130 1740 si
1155 1667 1294 1744 clarita·

336 1809 408 1868 tem
431 1800 506 1896 ejus
527 1820 548 1866 a
572 1790 694 1891 primis
713 1789 924 1868 inde'initiis
947 1808 981 1867 et
1001 1793 1113 1867 causis
1133 1808 1291 1896 ¹repetere

212 1981 215 1998 ‚
290 1900 294 1904 ¹
335 1920 509 2010 volumus3
528 1922 601 2006 ita,
622 1908 779 2008 dierum,
806 1945 892 2018 quos
917 1919 1290 2012 vivimus,‘rationitus
1358 1921 1360 1927 ’

336 2045 580 2132 consideratis,
605 2028 759 2140 quaestio
773 2056 856 2139 est,
875 2042 1052 2142 adquam
1075 2046 1293 2146 wermudam

337 2179 417 2261 tur,
442 2168 655 2267 dignissima.
703 2166 771 2239 Sed
792 2165 1008 2272 quoeclarius
1030 2169 1069 2242 in
1094 2167 1212 2242 oculos
1236 2171 1291 2241 in·
1369 2177 1371 2184 ‘

282 2341 288 2352 ·
337 2293 617 2382 curratillustre,
641 2292 740 2394 quod
766 2292 812 2367 de
839 2318 878 2400 eo
902 2293 1111 2393 capiendum
1130 2315 1203 2368 esse
1222 2293 1291 2367 du·

336 2423 464 2514 nimiis,
490 2416 708 2515 exemplum3
735 2433 883 2508 rectam,
909 2445 1013 2519 quam
1033 2420 1092 2493 ille
1110 2421 1291 2517 ‘ingressus

337 2559 405 2635 est,
436 2541 559 2641 agendi
592 2545 686 2620 viam
716 2571 805 2617 cum
834 2544 1087 2645 frequentibus,
1107 2545 1292 2644 superioris

319 2684 542 2770 ,nostraeque
564 2656 734 2768 inprimis
754 2671 875 2743 aetatis
906 2669 1082 2748 erroribus
1097 2701 1099 2706 ·
1114 2657 1313 2768 compare-⁵
1340 2737 1342 2742 ,

335 2793 433 2870 mus!
484 2793 583 2870 Haud
612 2797 715 2892 pauci
742 2771 847 2894 igitur
877 2800 1039 2896 juvenes,
1067 2798 1206 2894 ingenio
1232 2821 1289 2868 so·

334 2923 459 3010 Iertes,
485 2943 565 2988 cum
584 2919 634 2988 in
664 2919 794 2989 civium
818 2918 1105 2990 Academicorum
1128 2919 1287 2990 ordinem

334 3046 465 3144 recepti
485 3055 588 3140 eunt,
611 3040 682 3115 dici
706 3065 778 3114 non
800 3056 940 3142 potest,
966 3035 1093 3141 quanta
1118 3043 1296 3116 animi-fi··

221 3191 224 3217 ‘⁴
335 3171 437 3246 dacia
457 3168 612 3241 fallacem
638 3192 675 3240 se
701 3157 837 3242 vertant
860 3171 898 3243 in
912 3171 1108 3243 tramitem.
1157 3149 1289 3242 Litora·

336 3323 415 3372 nnn
438 3297 534 3368 enim
553 3294 856 3394 doctrinarumque
873 3296 986 3406 studia
1002 3293 1195 3395 incipiunt,
1214 3322 1299 3368 non·
1345 3317 1346 3325 ¹

337 3422 602 3499 abnuentium
630 3421 922 3521 Praeceptorum,
951 3435 991 3495 ut
1017 3421 1213 3522 discipulos,
1230 3422 1295 3494 de··

337 3565 410 3640 cet,
436 3546 630 3624 veneranda
646 3572 655 3638 ;
670 3599 672 3604 -
688 3547 749 3619 sed
776 3546 819 3620 ab
845 3548 1060 3620 institutione
1089 3574 1207 3622 eorum
1223 3555 1287 3647 Jju·

335 3673 428 3748 dicio
464 3695 525 3744 suo
565 3671 727 3746 audacter
758 3680 799 3742 'et
829 3685 1027 3770 arroganter
1061 3671 1283 3774 subjicienda.

336 3801 413 3872 Jnrn
437 3797 517 3868 huie
543 3796 753 3892 arrogantiae
773 3821 853 3869 cum
876 3797 1061 3872 adhaerere
1082 3800 1185 3870 soleat
1198 3820 1283 3894 xpro·

266 3933 271 3946 ’
341 3924 474 4002 dirius
513 3919 918 4018 adnreprehendendum
939 3947 949 4013 ;
967 3985 972 3992 .
990 3924 1082 3996 haud
1115 3945 1190 3992 raro
1206 3967 1207 3972 κ
1226 3919 1283 4004 tit,

197 4032 198 4040 ἵ
341 4067 399 4142 ut,
425 4073 511 4149 quae
537 4048 569 4121 in
599 4043 722 4118 scholis
747 4059 956 4138 tractentur,
984 4046 1101 4145 grandi
1132 4047 1284 4146 superci-

452 4189 454 4204 '
1241 4169 1286 4242 lio
